@book{devaney,
    title = "An introduction to Chaotic Dynamical Systems",
    author = "Robert L. Devaney",
    year = "1989",
    edition = "second",
    publisher = "Addison-Wesley Publishing Company Advanced Book Program",
    address = "Redwood City, California"
}

@book{ruette,
    title = "Chaos on the Interval",
    author = "Sylvie Ruette",
    year = "2017",
    publisher = "American Mathematical Society",
    address = "Providence, Rhode Island"
}

@book{asy,
    title = "Chaos: An Introduction to Dynamical Systems",
    author = "Kathleen T. Aligood and Tim D. Sauer and James A. Yorke",
    year = "1997",
    publisher = "Springer-Verlag",
    address = "New York, New York"
}

@book{alm,
    title = "Combinatorial Dynamics and Entropy in Dimension One",
    author = "L. Alsed{\`a} and J. Llibre and M. Misiurewicz",
    year = "2000",
    edition = "second",
    volume = "5",
    series = "Advanced Series in Nonlinear Dynamics",
    publisher = "World Scientific",
    address = "River Edge, New Jersey"
}

@book{block-coppel,
    title = "Dynamics in One Dimension",
    author = "Louis Stuart Block and William Andrew Coppel",
    year = "1992",
    series = "Lecture Notes in Mathematics no. 1513",
    publisher = "Springer-Verlag",
    address = "Berlin, Heidelberg"
}

@article{li-yorke,
    title = "Period Three Implies Chaos",
    author = "Tien-Yien Li and James A. Yorke",
    year = "1975",
    publisher = "Mathematical Association of America",
    journal = "The American Mathematical Monthly",
    number = "10",
    volume = "82",
    pages = "985--992"
}

@article{brouwer,
    title = "Über Abbildung von Mannigfaltigkeiten",
    author = "L. E. J. Brouwer",
    year = "1911",
    journal = "Mathematische Annalen",
    number = "1",
    volume = "71",
    pages = "97--115"
}

@article{sharkovsky,
    title = "Co-existence of cycles of a continuous mapping of the line into itself",
    author = "Sharkovsky, A. N.",
    year = "1964",
    journal = "Ukranian Math",
    volume = "16",
    pages = "61–-71"
}

@article{sharkovsky2,
    title = "On cycles and the structure of a continuous mapping",
    author = "Sharkovsky, A. N.",
    year = "1965",
    journal = "Ukranian Math",
    volume = "17",
    pages = "104--111"

}

@article{burns-hasselblatt,
    title = "The Sharkovsky Theorem: A Natural Direct Proof",
    author = "Keith Burns and Boris Hasselblatt",
    year = "2011",
    publisher = "Mathematical Association of America",
    journal = "The American Mathematical Monthly",
    number = "3",
    volume = "118",
    pages = "229--244"

}

@article{silverman,
    title = "On Maps with Dense Orbits and the Definition of Chaos",
    author = "Stephen Silverman",
    year="1992",
    publisher = "Rocky Mountain Mathematics Consortium",
    journal = "Rocky Mountain Journal of Mathematics",
    number = "1",
    volume = "22",
    pages = "353--375",
    doi = "10.1216/rmjm/1181072815",
    url = "https://doi.org/10.1216/rmjm/1181072815"
}

@article{vellekoop-berglund,
    title = "On Intervals, Transitivity = Chaos",
    author = "Michel Vellekoop and Raoul Berglund",
    year = "1994",
    publisher = "Mathematical Association of America",
    journal = "The American Mathematical Monthly",
    number = "4",
    volume = "101",
    pages = "353--355",
    url = "http://www.jstor.org/stable/2975629",
}

@article{bbcds,
    title = "On Devaney's Definition of Chaos",
    author = "J. Banks and J. Brooks and G. Cairns and G. Davis and P. Stacey",
    year = "1992",
    publisher = "Mathematical Association of America",
    journal = "The American Mathematical Monthly",
    number = "4",
    volume = "99",
    pages = "332--334",
    URL = "http://www.jstor.org/stable/2324899"
}

@article{kolyada-snoha,
    title = "Some aspects of topological transitivity - A survey",
    author = "Kolyada, Sergiy and Snoha, L'ubomír",
    year = "1997",
    journal = "Grazer Mathematische Berichte",
    volume = "334",
    pages = "3-35",
    month = "01",
}

@article{glasner-weiss,
    title = "Sensitive dependence on initial conditions",
    author = "Eli Glasner and Benjamin Weiss",
    year = "1993",
    publisher = "IOP Publishing Ltd.",
    journal = "Nonlinearity",
    number = "6",
    volume = "6",
    pages = "1067--1075",
}